

@ARTICLE{Rabiner1989,
  author = {Rabiner, L. R.},
  title = {A tutorial on hidden Markov models and selected applications in speech
	recognition},
  journal = IEEE_J_PROC,
  year = {1989},
  volume = {77},
  pages = {257--286},
  number = {2},
  doi = {10.1109/5.18626},
  timestamp = {2011.07.23}
}

@ARTICLE{InitialModelSelection,
  author = {N. C. Laan, D. F. Pace, H. Shatkay},
  title = {Initial model selection for the Baum-Welch algorithm as applied to HMMs of DNA sequences},
  journal = {School of Computing, Queenâ€™s University, Kingston, ON, Canada}
}


